<record><leader>00000cas a22000007a 4500</leader><controlfield tag="001">38526360</controlfield><controlfield tag="008">980227c19939999cauwr ne      0    0eng d</controlfield><datafield ind1=" " ind2=" " tag="010"><subfield code="a">sn 97060900 </subfield></datafield><datafield ind1=" " ind2=" " tag="040"><subfield code="a">CNK</subfield><subfield code="b">eng</subfield><subfield code="c">CNK</subfield><subfield code="d">OCLCQ</subfield><subfield code="d">OCLCF</subfield><subfield code="d">OCLCO</subfield></datafield><datafield ind1="1" ind2=" " tag="029"><subfield code="a">AU@</subfield><subfield code="b">000013777619</subfield></datafield><datafield ind1=" " ind2=" " tag="042"><subfield code="a">msc</subfield></datafield><datafield ind1=" " ind2=" " tag="043"><subfield code="a">n-us-ca</subfield></datafield><datafield ind1="0" ind2=" " tag="130"><subfield code="a">Carmel pine cone (Carmel, Calif. : 1993)</subfield></datafield><datafield ind1="1" ind2="4" tag="245"><subfield code="a">The Carmel pine cone.</subfield></datafield><datafield ind1=" " ind2=" " tag="260"><subfield code="a">Carmel-by-the-Sea, Calif. :</subfield><subfield code="b">Brown &amp; Wilson</subfield></datafield><datafield ind1=" " ind2=" " tag="300"><subfield code="a">v.</subfield></datafield><datafield ind1=" " ind2=" " tag="310"><subfield code="a">Weekly</subfield></datafield><datafield ind1="0" ind2=" " tag="362"><subfield code="a">Vol. 78, no. 35 (Sept. 2, 1993)-</subfield></datafield><datafield ind1=" " ind2="0" tag="651"><subfield code="a">Carmel (Calif.)</subfield><subfield code="v">Newspapers.</subfield></datafield><datafield ind1=" " ind2="7" tag="655"><subfield code="a">Newspapers.</subfield><subfield code="2">fast</subfield><subfield code="0">(OCoLC)fst01423814</subfield></datafield><datafield ind1=" " ind2="7" tag="651"><subfield code="a">California</subfield><subfield code="z">Carmel.</subfield><subfield code="2">fast</subfield><subfield code="0">(OCoLC)fst01209285</subfield></datafield><datafield ind1=" " ind2=" " tag="752"><subfield code="a">United States</subfield><subfield code="b">California</subfield><subfield code="c">Monterey</subfield><subfield code="d">Carmel.</subfield></datafield><datafield ind1="0" ind2="0" tag="780"><subfield code="t">Carmel pine cone and Carmel Valley outlook</subfield><subfield code="w">(DLC)sn 93053273</subfield></datafield></record>